<record><leader>00000cas a22000007a 4500</leader><controlfield tag="001">20176872</controlfield><controlfield tag="008">890814d19021907nduwr ne      0    0eng d</controlfield><datafield ind1=" " ind2=" " tag="010"><subfield code="a">sn 88076479 </subfield></datafield><datafield ind1=" " ind2=" " tag="040"><subfield code="a">NOP</subfield><subfield code="b">eng</subfield><subfield code="c">NOP</subfield><subfield code="d">OCLCQ</subfield></datafield><datafield ind1=" " ind2=" " tag="042"><subfield code="a">msc</subfield></datafield><datafield ind1="0" ind2="0" tag="245"><subfield code="a">Wahpeton gazette.</subfield></datafield><datafield ind1=" " ind2=" " tag="260"><subfield code="a">Wahpeton, Richland County, N.D. :</subfield><subfield code="b">R.J. Hughes</subfield></datafield><datafield ind1=" " ind2=" " tag="300"><subfield code="a">5 v. :</subfield><subfield code="b">ill. ;</subfield><subfield code="c">44-65 cm.</subfield></datafield><datafield ind1=" " ind2=" " tag="310"><subfield code="a">Weekly</subfield></datafield><datafield ind1="0" ind2=" " tag="362"><subfield code="a">Vol. 24, no. 34 (Aug. 22, 1902)-v. 29, no. 22 (May 30, 1907).</subfield></datafield><datafield ind1=" " ind2=" " tag="530"><subfield code="a">Available on microfilm from the State Historical Society of North Dakota.</subfield></datafield><datafield ind1=" " ind2=" " tag="752"><subfield code="a">United States</subfield><subfield code="b">North Dakota</subfield><subfield code="c">Richland</subfield><subfield code="d">Wahpeton.</subfield></datafield><datafield ind1="0" ind2="5" tag="780"><subfield code="t">Christine eagle</subfield><subfield code="w">(DLC)sn 88076459</subfield></datafield><datafield ind1="0" ind2="0" tag="780"><subfield code="t">Richland County gazette</subfield><subfield code="w">(DLC)sn 88076478</subfield></datafield><datafield ind1="0" ind2="7" tag="785"><subfield code="t">Wahpeton globe (Wahpeton, N.D. : 1899)</subfield><subfield code="w">(DLC)sn 88076476</subfield></datafield><datafield ind1="0" ind2="7" tag="785"><subfield code="t">Globe-gazette (Wahpeton, N.D.)</subfield><subfield code="w">(DLC)sn 88076480</subfield></datafield></record>